2359 5167
165 848 196 905 i.
210 843 297 907 Aue.
350 841 535 903 liberationis
553 845 581 904 S.
596 847 673 904 Petri
684 842 700 905 ὲ
710 861 829 907 carcere.
935 853 991 920 493

129 920 214 984 Dixit
237 945 331 986 autem
355 927 483 997 Angelus
505 926 542 984 ad
581 945 689 991 nuam,
711 924 759 985 sed
779 927 853 987 intrd
879 941 992 984 currens

132 1014 216 1069 eum:
232 997 406 1068 Praecingere
417 1043 425 1064 ‚
436 1004 463 1054 &
482 998 543 1055 cdl·
580 998 723 1055 nuntidvit
732 996 992 1057 starel’ettumante

131 1066 544 1141 ceatecdligastuanlitfecit
579 1068 705 1135 januam.
734 1069 776 1125 At
805 1069 846 1125 illi
861 1067 992 1126 dixdtunt

132 1136 180 1267 gc.
196 1139 232 1197 Et
245 1140 316 1197 dixit
332 1139 372 1194 illi
388 1161 395 1196 :
409 1137 544 1203 Circdm-
580 1139 617 1194 ad
639 1158 702 1196 eam
716 1161 723 1195 :
738 1139 859 1197 Insdnis.
872 1141 927 1197 llla
938 1158 992 1199 au·

154 1211 231 1267 atibi
242 1210 438 1269 vestimentum
447 1228 543 1278 tuum,
581 1227 638 1266 tem
648 1209 807 1266 affitmdbat
820 1208 854 1266 fic
862 1207 888 1265 se
901 1207 992 1267 habe·

133 1286 163 1337 δι
187 1281 301 1349 sequere
319 1300 374 1338 me.
399 1281 434 1338 Et
448 1281 543 1338 exiens
580 1283 621 1338 re'.
642 1280 691 1338 Illi
718 1297 812 1338 autem
836 1279 989 1338 dicebant:

130 1346 298 1420 sequeba'nr
307 1370 386 1417 eum,
399 1357 427 1408 ὅ(
440 1349 544 1408 nescie-
582 1350 711 1422 Angelus
740 1352 798 1419 ejus
819 1350 868 1409 est.
885 1349 993 1408 'Petrus

132 1420 183 1479 bat
196 1423 264 1491 quia
289 1441 385 1480 verum
403 1419 441 1480 est
468 1421 545 1491 quud
580 1439 674 1479 autem
706 1420 896 1491 perseverabat
928 1422 993 1490 pul-

134 1490 223 1550 fiebat
241 1512 287 1564 per
306 1492 464 1564 Angelum
483 1492 544 1550 exi·
580 1491 652 1552 sans,
668 1493 744 1551 Cum
757 1511 851 1551 autem
869 1488 993 1561 aperuis-

132 1561 264 1624 llimdbat
294 1582 388 1623 autem
411 1562 437 1622 se
456 1561 545 1622 visum
580 1562 657 1630 sent,
670 1564 801 1621 viderunt
814 1562 994 1629 eum‚&ob·

133 1633 243 1693 vidt‘re.
580 1633 751 1704 stupuerunt.

171 1723 206 1776 lu.
214 1708 262 1774 ἰν.
275 1707 405 1777 Magnus,
416 1704 545 1772 &judex
617 1701 993 1777 uuuMultasapidntiaDei,

134 1781 164 1834 δι
179 1794 278 1845 potens
291 1776 328 1834 est
341 1775 486 1835 inhondre
497 1799 505 1843 ς
516 1784 545 1833 &
582 1781 610 1832 dt
629 1775 708 1834 fortis
728 1776 758 1832 in
775 1775 903 1846 potentia
920 1819 928 1841 ‚
945 1774 992 1832 vi·

135 1847 152 1877 ⁴
176 1850 244 1905 Non
261 1845 298 1905 est
321 1849 409 1915 maior
424 1847 473 1904 illo
498 1847 545 1916 qui
582 1847 651 1912 dens
674 1867 772 1905 ornnes
786 1841 993 1905 findintermis-

135 1917 219 1977 timet
229 1920 333 1977 Deum.
345 1915 433 1986 Eccli.
446 1937 488 1976 10.
500 1937 544 1985 27.
582 1918 669 1978 suine.
684 1920 698 1948 *
711 1919 796 1979 Oculi
819 1917 940 1977 deini
953 1915 991 1975 ad

134 1989 171 2064 Ῡ.
199 1989 309 2048 Videns
333 1987 461 2049 Herddes
481 1989 547 2057 quia
582 1990 712 2047 timentes
750 2009 813 2048 eum
840 2010 849 2054 ς
880 1996 909 2048 &
934 1984 991 2058 ipse

133 2061 260 2133 placeret
275 2058 398 2129 Judaeis,
419 2055 546 2130 appdsuit
586 2057 714 2132 agndscit
737 2078 851 2119 onmem
877 2064 992 2129 dperam

136 2148 170 2190 ut
193 2130 409 2202 apprehdndetet
437 2139 465 2189 ὅ(
490 2131 546 2191 Pe·
584 2128 813 2191 hdminit.liccli.
830 2148 871 2204 15.
886 2149 990 2196 19.20.

135 2219 221 2261 trum.
240 2203 305 2261 Au.
321 2220 363 2261 η.
378 2223 404 2276 3.
419 2203 433 2231 *
448 2205 527 2262 Nou.
583 2203 703 2274 icum
713 2201 993 2274 apprehendilletPe·

135 2273 337 2335 Lucttov.
349 2293 379 2332 u.
398 2292 439 2332 10.
452 2275 488 2332 ad
503 2280 546 2332 16.
583 2292 656 2334 trum
679 2276 840 2341 Herddes,
869 2272 942 2331 milit
962 2272 994 2329 in

134 2341 547 2473 TRansedntesautempti·
583 2346 733 2405 circetem.
764 2344 831 2405 Aci.
860 2364 902 2405 12.
928 2365 956 2417 4.
976 2344 994 2375 ⁴

212 2413 546 2473 mamucsecdndamcu-
583 2417 682 2477 Oculi.

135 2480 419 2553 stddiam,vendrunt
431 2487 468 2542 ad
481 2505 546 2555 por·
586 2489 706 2543 Lumo
726 2487 782 2546 VI.
800 2505 831 2542 ν.
849 2503 891 2552 17.
905 2482 942 2542 ad
953 2502 997 2548 19.

104 2602 109 2608 -
137 2574 199 2617 tam
218 2556 335 2615 ferream
356 2576 415 2625 quae
425 2555 502 2613 ducit
512 2554 549 2613 ad
667 2560 787 2614 Nnuens
817 2572 911 2612 autem
952 2553 993 2612 eis

136 2628 550 2697 civita'tem,quaeultrdape'1-
671 2647 756 2682 manu
778 2642 808 2683 ut
835 2626 958 2682 tacerent
983 2669 994 2691 ,

137 2716 169 2759 ta
182 2698 219 2757 ell
234 2698 282 2758 eis.
296 2700 332 2757 Et
346 2696 477 2755 exedntes
487 2716 551 2766 pro·
586 2695 709 2755 nartdvit
728 2694 873 2765 qudmodo
886 2694 995 2754 dei-

136 2767 279 2830 tessdrunt
292 2770 385 2827 vicum
398 2787 501 2828 unum:
521 2775 549 2825 &
586 2787 639 2826 nus
654 2766 787 2825 eduxillet
803 2779 867 2825 eum
879 2764 915 2822 de
930 2765 994 2849 edt-

136 2841 277 2901 continui)
292 2839 407 2898 discessu
423 2841 550 2898 Anvelus
587 2859 665 2906 cete,
691 2838 814 2906 dixitque
832 2861 838 2895 :
855 2837 994 2897 Nunna‘te

136 2912 281 2972 abeunt
298 2911 443 2970 uenusau
464 2885 550 2969 lire-
585 2910 695 2980 Jacuuo
723 2917 751 2968 x
770 2907 899 2966 frutribus
923 2906 995 2968 uaee.

137 2981 255 3050 versus,
276 2982 347 3040 dixit
365 3005 373 3039 ε
389 2986 473 3041 Nunc
494 2974 550 3042 scio
586 2983 622 3041 Et
636 2981 754 3054 egtdll'us
775 2978 846 3038 dbiit
860 2979 890 3036 in
906 2978 996 3063 xillum

136 3059 225 3122 vere,
238 3053 304 3124 quia
320 3052 392 3112 mifit
408 3053 551 3113 deinus
586 3055 691 3113 locum.
710 3051 795 3112 laeli
816 3069 910 3112 autem
926 3050 997 3117 dte,

138 3126 285 3198 Angelum
297 3124 392 3190 suum,
410 3132 438 3182 &
451 3124 551 3194 eripuit
586 3144 645 3183 erat
655 3145 712 3183 non
722 3144 806 3194 parva
816 3122 940 3182 turbdtio
953 3121 998 3179 in·

138 3196 236 3259 mede
255 3215 339 3254 manu
357 3196 501 3262 Herddis,
522 3204 550 3254 ὰ
587 3215 629 3254 ter
648 3197 768 3260 milites,
791 3194 925 3263 quidnam
951 3193 998 3253 fa-
1027 3244 1029 3248 .

138 3266 272 3329 dennuni
288 3266 481 3336 expeuatinne
494 3267 552 3336 ple·
587 3265 739 3326 elumellet
748 3266 784 3322 de
793 3267 889 3324 Petro.
898 3268 998 3323 Herd-

139 3338 186 3399 bis
210 3337 381 3407 Judaedrum.
408 3336 550 3398 Confide·
587 3338 637 3396 des
654 3356 749 3395 autem
762 3339 826 3395 clun
845 3335 998 3404 requisillet

139 3408 259 3478 tdnlque
280 3409 359 3467 venit
378 3408 414 3466 ad
436 3408 552 3467 domum
587 3428 652 3466 eum
668 3416 694 3464 ὰ
705 3428 763 3465 non
780 3405 926 3465 invenillet
937 3451 944 3471 ,
955 3408 999 3464 in-

138 3480 240 3541 Matiae
262 3481 357 3539 mattis
372 3478 489 3550 Joinnis
505 3480 551 3548 qui
587 3477 823 3548 quifitidnefaul
832 3477 867 3536 de
877 3476 1001 3536 cullddi·

139 3551 359 3636 cognomindtus
372 3550 409 3607 est
421 3554 551 3617 Marcus,
587 3549 656 3614 bus,
677 3549 750 3616 jullit
763 3567 811 3607 eos
824 3549 889 3606 duci
908 3574 916 3607 z
935 3545 1000 3606 des-

140 3622 191 3682 ubl
208 3640 285 3680 erant
297 3621 376 3680 multi
395 3622 551 3692 congregd·
587 3618 763 3690 cendensque
799 3622 817 3680 ὲ
848 3620 946 3689 Judua
968 3618 1001 3677 in

137 3692 163 3753 tl
188 3699 216 3751 dc
229 3692 491 3750 otdntes.Pulsa‘nte
502 3713 552 3750 au·
588 3688 767 3759 Caesaream,
789 3691 829 3749 ibi
839 3689 1001 3750 commoni-

140 3780 200 3824 tem
216 3782 249 3820 eo
264 3761 363 3821 dilium
369 3763 459 3831 idnuae
470 3807 477 3828 ,
487 3782 552 3831 pru·
587 3780 632 3821 tus
643 3761 689 3821 ell.

140 3829 228 3893 cdli?
242 3836 334 3902 puella
359 3834 395 3891 ad
431 3833 551 3892 audien·
622 3851 658 3906 qt.
680 3836 723 3902 vj,
744 3831 870 3890 Timent}
890 3828 1000 3888 dei-

141 3906 229 3971 dum,
249 3904 365 3964 ndmine
381 3903 491 3964 Rhode.
517 3904 553 3964 Et
587 3924 657 3961 num
671 3923 728 3961 non
746 3901 892 3960 occurrent
905 3900 1000 3959 malaz

139 3994 173 4036 ut
185 3977 321 4048 cugndvit
341 3994 440 4034 vocem
453 3976 553 4046 Petri,
586 3974 635 4033 sed
651 3979 665 4005 ⁴
681 3977 716 4033 ln
738 3973 894 4032 tentatio‘ne
920 3972 1002 4030 Deus

139 4064 197 4124 91ae
210 4045 317 4124 gaudio
326 4047 499 4122 nonapenut
508 4047 553 4120 jd·
586 4047 669 4110 illum
677 4042 873 4114 conservabit,
887 4048 917 4105 iu
926 4040 1002 4109 libes
