2359 5167
501 859 542 934 (9
903 893 926 931 .·

201 942 380 1040 Tempore
405 865 582 1037 Passioni,
599 943 707 1042 pietati
722 948 914 1047 proponitur

157 1044 209 1144 qui
231 1046 439 1140 sonctipfuaer
470 1047 649 1116 exinanivit
670 1047 808 1134 fhrmam
829 1053 914 1151 [ervi
936 1077 1037 1155 phfflp·

163 1147 334 1237 occipiens,
349 1147 386 1212 in
397 1143 640 1242 fimilitudirrem
670 1146 833 1218 hominum
847 1154 945 1240 fa-2.
959 1171 988 1223 7.

162 1246 221 1314 ilus
244 1297 257 1335 ,
282 1245 315 1312 θ
336 1246 445 1312 habitu
467 1248 614 1314 inventus
637 1268 673 1316 ut
693 1247 796 1319 homo.
815 1251 912 1324 Vatia

159 1344 329 1417 ineffabilis
355 1344 490 1416 caritatis
504 1343 657 1441 insignia,
677 1346 848 1419 vulnerum
873 1349 911 1422 δι

159 1441 313 1514 dolorum
336 1444 518 1531 acerbitas,
533 1443 696 1516 salutiferae
710 1449 821 1517 mortis
836 1447 914 1520 fusi·

158 1568 223 1639 que
237 1542 399 1640 sanguinis
412 1543 550 1640 pretium
563 1544 758 1616 evolvuntur
771 1545 806 1618 δι
820 1547 912 1618 exhi·

158 1639 289 1715 bentur}
518 1669 521 1673 ·

206 1740 360 1814 Demirm
381 1741 461 1812 intra
487 1759 615 1838 tempus
642 1742 820 1833 Paschale,
843 1742 912 1833 Re·

156 1838 365 1912 surrefflonis
383 1839 501 1912 chnsti
520 1846 637 1914 veritas
654 1861 764 1916 contra
779 1842 911 1916 Judaeos

158 1937 196 2010 &
213 1941 335 2036 impios
345 1938 527 2011 vindicatur
539 1996 548 2025 ,
559 1940 741 2038 nostraeque
753 1967 827 2013 curn
839 1943 909 2040 ipso

155 2039 397 2111 resurreetionis
416 2038 579 2112 necessitas
595 2041 852 2113 commendatur.

213 2139 291 2214 10⁰.
310 2141 347 2211 ln
362 2137 489 2236 fingulis
500 2143 613 2237 pariter
626 2165 684 2235 per
695 2166 815 2212 annum
829 2139 912 2212 Do·

161 2238 291 2310 minicis
312 2237 384 2336 ,·&
421 2240 518 2309 Feriis
547 2241 711 2334 pluribus,
739 2240 919 2336 praesertim,

161 2336 520 2436 Quadragesrmalibus‚
535 2338 605 2409 suus
621 2338 667 2411 est
693 2364 735 2409 ex
760 2342 911 2435 Evange-

161 2435 195 2507 lii
214 2457 408 2534 argumento
428 2435 611 2533 desumptus
628 2438 743 2532 scopus
767 2439 912 2534 peculia·

162 2536 203 2606 tis
221 2563 235 2606 .·
252 2562 323 2607 non
351 2535 483 2631 quidem
499 2539 533 2606 in
550 2537 662 2607 officio
680 2539 806 2632 integro
822 2563 833 2622 ;
854 2561 913 2608 ne·

165 2660 227 2730 que
252 2637 341 2707 enim
366 2637 431 2705 fieri
454 2634 559 2730 potest
584 2655 619 2706 ut
645 2635 771 2732 singulis
798 2637 913 2706 diebus

168 2732 356 2806 Dominicis
388 2738 551 2829 proprium
580 2737 794 2830 continnetur
821 2732 916 2804 Offi'·

169 2835 288 2920 cium;
320 2834 432 2904 sedin
463 2860 502 2904 ea
533 2851 621 2928 parte
655 2831 807 2900 duntaxat
843 2855 917 2926 quae

170 2935 252 3004 varia
274 2929 348 3017 est,
370 2958 430 3026 pro
452 2933 701 3028 Evangeliorum
726 2928 916 3002 diversitate.

223 3032 300 3104 11⁰.
316 3034 409 3124 Quin
430 3031 467 3102 ὅ(
491 3034 522 3100 in
546 3030 674 3101 diversis
692 3030 839 3117 ejusdem
855 3029 918 3101 Of·

169 3131 236 3201 ficii
261 3131 358 3201 Horis
381 3130 457 3200 iilu‘d
477 3129 563 3200 idem
585 3153 711 3200 cautum
730 3127 792 3200 effe
814 3130 919 3200 volui·

168 3255 253 3300 mus.
281 3230 396 3300 Primae
425 3253 504 3325 ergo
538 3231 686 3322 Vesperae
716 3230 919 3316 continent,

171 3331 224 3413 vel
259 3330 493 3422 Prophetarum
525 3332 651 3398 oracula
682 3327 725 3396 de
759 3325 919 3424 Mysserio

170 3428 392 3512 celebrando,
408 3431 459 3497 vel
475 3426 618 3510 eiusdem
639 3434 673 3496 in
696 3427 862 3520 Scripturis
883 3426 920 3496 fi·

172 3553 264 3624 guras
279 3580 292 3615 ‚
306 3529 362 3596 vel
385 3525 548 3596 adoranda
573 3528 702 3596 decreta
725 3529 839 3619 quibus
865 3525 921 3596 Al-

173 3625 306 3696 tiffitnus
340 3629 417 3694 Vata
433 3625 655 3696 misericordiae
678 3627 862 3721 preparavit
887 3626 922 3696 in

175 3725 323 3821 gloriam.
361 3728 397 3795 ln
426 3724 551 3795 Officio
577 3726 790 3809 Notiurno,
823 3726 880 3795 Do
904 3766 920 3783 ·

176 3844 261 3895 mata
281 3824 463 3894 referuntur
487 3851 560 3920 quae
579 3823 679 3895 credit
701 3827 737 3896 δι
761 3751 924 3897 medenis

177 3926 333 4018 proponit
365 3921 537 4012 Ecclesia,
560 3926 615 3995 vei
640 3924 820 3994 indicantur
845 3945 926 4021 prae·

177 4023 261 4094 clara
277 4019 371 4115 gella
399 4024 603 4098 Sannorum.
626 4025 667 4097 In
701 4025 869 4102 Laudibus
894 4023 936 4102 ὅ(

696 4153 753 4194 av
