2359 5167
156 946 195 1025 bt
209 946 411 1045 praecipuam
427 952 534 1045 operis
547 967 669 1047 partem
686 1003 699 1042 ,
716 949 912 1029 Breviarium

156 1045 277 1122 llilicet
286 1102 298 1138 ,
307 1048 490 1145 prebemus
507 1051 602 1122 vobis
614 1077 625 1137 ;
638 1075 701 1122 nec
721 1051 778 1122 abs
790 1079 824 1125 re
838 1055 911 1126 fore

163 1147 381 1238 credidimus,
395 1145 418 1218 sr
430 1147 566 1220 brevem
580 1149 634 1220 hic
648 1150 741 1244 ipsius
756 1150 911 1223 summam

160 1248 409 1335 exhiberemus,
420 1244 459 1316 &
473 1271 570 1342 quam
583 1249 681 1320 secuti
692 1248 799 1319 sumus
810 1251 845 1319 in
855 1251 910 1322 illo

158 1347 373 1420 conficiendo
400 1346 596 1420 methodum
626 1349 734 1442 paucis
760 1349 910 1445 explana-

156 1469 278 1518 remus.
522 1538 525 1543 Ι

216 1545 267 1637 1⁰,
284 1544 456 1638 Quoniam
468 1545 571 1614 amica
591 1545 623 1614 t>
631 1543 808 1636 familiaris
825 1547 908 1616 Ora·
928 1575 1038 1646 &effi

156 1643 205 1714 rio
219 1643 261 1743 ιβ
280 1647 392 1714 Deum
416 1646 454 1713 de
464 1645 530 1738 suo
545 1669 677 1738 rogare,
697 1646 802 1715 tritam
817 1646 857 1716 ab
872 1646 1036 1730 ill-1¹²2&

155 1740 340 1815 lustrilhmis
363 1743 549 1814 Praesuhbus
566 1742 744 1814 ¹Gallicanis
766 1717 1023 1852 &mse-gxi}

157 1843 250 1932 cuti,
273 1841 480 1932 invitatoria,
495 1839 720 1938 Antiphouas‚
735 1839 907 1937 Capitula,
1021 1826 1033 1848 ⁰

155 1938 376 2036 Responsoria
406 1941 444 2014 δι
478 1939 719 2030 Verficulos,d
745 1939 907 2036 purillimo

119 2064 122 2068 ·
156 2039 391 2134 Scripturarurn
407 2040 501 2125 fonte
522 2037 788 2137 deprompsimus.
815 2040 910 2135 Quin

158 2135 199 2211 δι
224 2141 260 2209 in
288 2138 479 2236 colligendis
510 2139 656 2236 Eloquiis
681 2140 804 2229 sacris,
836 2165 910 2212 eam

158 2236 363 2310 adhibuimus
388 2239 624 2328 reverentiam,
639 2257 674 2310 ut
704 2239 755 2311 illa
784 2238 910 2335 semper

159 2337 318 2409 continual
347 2337 458 2428 se'rie,
482 2337 549 2411 fine
569 2338 632 2408 ulla
659 2339 909 2434 interpolatione

157 2456 215 2509 aut
247 2438 422 2509 verborum
447 2438 649 2511 transsatione
668 2491 681 2528 ,
697 2437 909 2534 apphcaveri·

158 2560 243 2609 mus.
640 2566 642 2571 ·

214 2636 269 2708 2⁰.
288 2636 487 2732 Antiphone
510 2635 639 2733 fingulae
663 2636 731 2706 hoc
748 2635 911 2730 peculiare

166 2734 303 2825 babent,
325 2755 360 2806 ut
383 2761 446 2806 nec
467 2753 627 2830 praecepta
641 2787 653 2821 ,
666 2759 731 2804 nec
760 2736 912 2820 monita,

162 2859 224 2907 nec
247 2835 307 2906 alia
330 2833 486 2927 ejufinodi
514 2833 556 2906 ad
583 2834 663 2904 alios
688 2830 831 2918 directa,
856 2827 913 2900 sed

162 2936 233 3030 pios
258 2934 357 3015 animi
386 2953 493 3005 motus
514 2933 555 3017 ad
576 2933 713 3022 Deum,
736 2927 913 3027 expositio-1·

159 3058 239 3105 nem
251 3033 477 3128 Dogmatum,
490 3052 543 3104 aut
555 3033 702 3127 preclara
714 3030 910 3101 Sandorum

160 3129 252 3228 gella
275 3132 456 3203 exhibeant.
485 3131 633 3229 Capitula
655 3128 766 3216 verb,
790 3129 865 3200 citm
891 3126 912 3198 ὲ

161 3231 359 3304 Celebrante
377 3230 472 3322 soto,
494 3233 616 3304 caeteris
640 3228 842 3301 audientibus
862 3249 913 3298 re·

163 3332 323 3419 citentur,
337 3351 520 3427 precepta,
546 3329 696 3420 consilia,
715 3328 861 3420 monita,
876 3342 913 3399 ut

160 3429 335 3525 plurimhm
360 3431 552 3526 exprimunt.
928 3457 930 3460 ’

211 3527 270 3624 3⁰.
297 3527 530 3624 Respousoria‚
546 3555 587 3602 ex
602 3528 736 3627 gemino
762 3544 832 3599 tum
845 3526 914 3598 Ve-

162 3628 236 3699 teris
278 3646 350 3699 tum
379 3629 471 3702 Novi
500 3627 701 3701 Testamenti
724 3645 843 3715 textu,
868 3623 913 3696 iti

163 3726 306 3799 conflata
320 3725 414 3818 sunt,
433 3746 469 3798 ut
487 3730 588 3824 prima
608 3752 677 3824 pars
693 3725 713 3798 ὲ
730 3725 913 3798 Codicibus

163 3826 318 3914 Veteris,
331 3825 492 3916 secunda,
506 3826 623 3901 Versus
638 3826 775 3916 scilicet,
787 3824 807 3897 ὲ
821 3825 914 3896 Novi

165 3921 366 3996 Testamenti
392 3926 493 3998 Libris
518 3927 612 3998 fuerit
633 3925 810 3999 efformata.
828 3923 917 4014 Sic,

166 4025 289 4114 collatis
308 4024 382 4097 cum
401 4027 529 4100 veritate
544 4026 676 4130 figuris,
691 4054 772 4105 cum
794 4045 930 4108 eventu

668 4134 736 4213 aiij
