2359 5167
163 903 246 1006 gulis
264 956 278 995 ,
297 903 476 1003 legendum
490 905 705 1005 proponimus'
718 906 917 1010 canonem}

164 1030 267 1102 quem
282 1025 319 1075 ut
335 1003 507 1100 plurimum
528 1031 568 1079 ex
585 1006 746 1080 Conciliis
761 1013 917 1088 (Ecume

167 1106 275 1194 nicis,
296 1104 352 1176 vel
378 1104 623 1196 Nationaiibus‚
644 1108 699 1180 vel
723 1110 757 1180 in
777 1111 914 1184 Provin-

173 1204 217 1274 cia
236 1200 350 1275 nostra
374 1203 589 1302 Burdigalensr
612 1206 755 1300 coadis,
774 1207 914 1308 diligen.

158 1319 218 1374 -ter
235 1322 440 1375 extraximus.

217 1401 275 1476 8⁰.
300 1402 488 1474 Psalrerium
511 1402 554 1476 iti
574 1403 772 1478 distributum
788 1404 836 1480 est
849 1460 862 1497 ,
876 1426 914 1483 ut

164 1501 360 1598 unaqudque
381 1501 619 1594 hebdomada,
638 1506 799 1601 integrum
826 1508 914 1578 reci·

164 1616 273 1687 tetur;
299 1601 336 1672 δι
363 1599 563 1672 indivisum
593 1624 628 1674 ut
648 1603 775 1701 singulis
800 1602 915 1677 diebus

163 1698 439 1787 hebdomadae,ii
456 1698 596 1797 affignati
616 1699 675 1772 sint
697 1701 831 1790 Psalmi,
853 1704 913 1794 qui

163 1822 246 1869 vero
269 1798 422 1895 cujusque
445 1798 510 1870 diei
539 1798 674 1886 objedio
702 1801 912 1874 conveniant.

162 1894 322 1988 Scilicet,
338 1896 384 1975 [in
429 1898 464 1969 lis
480 1897 696 1970 hebdomadae
714 1897 845 1987 diebus,
855 1923 912 1996 pe·

163 1996 283 2068 culiare
300 2021 368 2094 quo
394 1996 467 2068 darn
488 1999 725 2097 proponimus,
755 1996 846 2093 quod
868 1998 911 2070 ab

154 2094 356 2167 -lnvitatorio
385 2096 591 2185 nuntiatum,
611 2094 764 2194 gradatim
787 2096 913 2170 evolvi·

163 2211 215 2265 tur
243 2195 279 2265 in
309 2197 472 2268 Horarum
498 2193 643 2268 decursu.
828 2254 830 2258 .

213 2291 300 2366 Dies
327 2295 506 2366 Dominica
529 2295 597 2368 Dei
616 2294 806 2391 complentis
825 2319 910 2392 opus

162 2394 335 2466 creationis
359 2390 504 2490 requiem
527 2394 690 2480 celebrat,
714 2392 834 2464 Christi
861 2419 910 2466 re·

162 2490 317 2590 surgentis
334 2512 566 2565 commemorat
603 2493 829 2586 triumphum,
854 2517 909 2564 va·

163 2591 208 2662 ria
227 2590 376 2662 describit
400 2594 522 2688 pietatis
546 2590 656 2663 officia
683 2592 798 2686 quibus
822 2592 908 2662 obli-

166 2709 276 2785 gantur
292 2691 440 2780 fideles,
456 2689 493 2763 ὅ(
514 2709 643 2764 aeternae
654 2687 909 2787 requieidesrde·

163 2791 245 2861 rium
265 2791 382 2863 excitat
403 2787 614 2863 &accendit

212 2888 305 2960 Ferid
332 2887 506 2979 secunda,
534 2887 721 2961 enucleatur
754 2881 910 2958 eximium

161 2989 334 3061 creationis
356 3015 447 3087 opus.

213 3088 308 3158 Feria
323 3089 437 3178 tertii,
463 3086 531 3160 Dei
549 3085 672 3160 summe
692 3081 820 3182 providi
835 3107 907 3157 mu·

100 3232 103 3237 ·
160 3185 326 3258 nificentia
351 3190 537 3260 celebratur.

211 3286 304 3357 fen't
324 3287 433 3384 quartd
447 3338 459 3376 ,
474 3286 617 3357 laudatur
636 3283 809 3381 Legissator
828 3281 906 3355 Do·

157 3384 302 3475 minus,
328 3384 419 3484 qudd
446 3384 562 3479 judicia
584 3387 637 3456 sua
660 3380 908 3457 manifestaverit

159 3483 269 3554 nobis.

202 3581 293 3653 Cirm
307 3581 401 3674 jaind
419 3583 556 3679 pluribus
570 3582 681 3671 annis,
693 3579 784 3653 Ferit
796 3576 907 3678 quintai

171 3699 235 3751 ton
250 3682 405 3777 impediti
427 3681 559 3772 cujusvis
584 3679 800 3753 hebdomadae
820 3731 832 3767 ,
852 3703 907 3750 re-

161 3780 285 3851 colatur
310 3783 345 3851 in
369 3780 517 3853 Dioecesr
538 3780 666 3868 nostra,
683 3780 840 3851 memoria
853 3777 907 3846 in·
928 3827 931 3832 -

162 3877 305 3949 effabilis
315 3878 519 3951 Eucharistiae
534 3879 754 3967 Sacramenti,
771 3876 906 3947 laudan-

165 3974 236 4052 dam
258 3979 347 4054 hanc
364 3976 651 4074 consuetudinem,
666 3976 731 4092 qui
756 3976 826 4054 fieri
848 3999 910 4077 po·

663 4097 731 4160 ’Ν
