2359 5167
378 800 808 878 noninndadcmlmm.
989 828 1021 885 33

174 886 207 951 iffi
217 887 336 951 salutate
349 907 457 948 meum.
610 890 725 946 AEtetne
740 888 813 955 Fili,
827 905 877 959 pat
889 888 967 949 Patri
982 937 992 960 ‚

181 963 257 1025 rPs
272 981 293 1021 n
308 981 329 1020 ι
345 979 371 1019 u
387 977 440 1018 us
471 977 533 1033 133.
610 959 647 1017 Et
661 977 709 1027 par
723 959 851 1028 utrique,
866 961 1008 1031 Spiritus,

169 1034 237 1093 Dm
252 1035 300 1093 die
316 1045 355 1089 (θ’
366 1029 444 1089 nobie
462 1029 577 1088 benedi-
612 1029 680 1087 Tibi
696 1073 704 1094 ,
718 1031 816 1096 Deus,
831 1031 865 1089 fit
883 1032 986 1102 gldria.

312 1102 426 1161 cendus.
680 1101 788 1158 Amen.
1022 1148 1024 1153 .
1086 1116 1093 1132 ·

225 1173 292 1232 Cce
313 1191 393 1230 nunc
417 1168 577 1228 benedicite
612 1169 886 1230 Cnrt‘runuu.
902 1172 1022 1243 ΗΜ.

225 1242 394 1303 deinum
409 1287 418 1309 ,
435 1243 451 1272 *
475 1258 574 1299 omnes
648 1259 674 1312 5.
689 1259 716 1312 5.
729 1248 758 1300 6.

161 1311 397 1379 iervideini,
691 1315 775 1370 Mnes
801 1329 853 1368 vos
877 1309 930 1367 iilii
951 1311 1023 1369 lucit

192 1384 257 1470 Qui
271 1383 352 1442 statis
365 1383 397 1439 in
411 1380 497 1440 domo
506 1381 575 1440 De·
689 1381 766 1449 estis,
777 1388 805 1439 δι
815 1380 870 1438 filii
880 1380 937 1438 diei
948 1401 1022 1440 :non

158 1454 254 1522 mim,
276 1457 292 1485 ¹*
316 1453 349 1511 in
371 1453 450 1512 dtriis
475 1449 577 1510 demtis
610 1449 702 1510 sumus
719 1452 813 1512 nodiis
828 1470 920 1521 neque
942 1469 1023 1509 tene·

159 1525 216 1586 Dei
230 1523 332 1583 nostri.
611 1523 747 1581 britum:
766 1523 852 1594 igitur
877 1540 937 1580 non
955 1521 1023 1579 dot-

192 1595 373 1655 Innddiibus
385 1593 577 1652 extdllitema·
610 1593 731 1651 mitimus
739 1593 808 1651 ficut
816 1601 845 1651 dc
855 1592 947 1650 deteri
959 1590 1024 1658 ‚sed

158 1685 210 1725 nus
224 1665 331 1723 veſtras
346 1666 378 1722 in
391 1661 505 1730 sandica
521 1665 536 1691 *
546 1671 575 1722 δι
610 1663 776 1735 vigilemus,
789 1670 818 1720 dc
830 1662 918 1720 sdbcii
927 1662 1022 1722 fimus.

159 1736 325 1795 benedicite
349 1735 522 1795 deinutn.
611 1752 647 1806 n.
662 1734 851 1806 Deogttitias.

192 1806 356 1867 Benedicat
381 1823 409 1864 te
431 1805 576 1864 deinue
647 1822 682 1876 m.
690 1805 782 1864 breve.
790 1806 826 1863 In
837 1822 1022 1871 manustuat,

158 1878 320 1943 exSion,*
336 1874 577 1949 quifecitcoelum
611 1876 765 1943 deine,
793 1877 809 1905 *
840 1875 1023 1933 Commendo

158 1957 187 2008 δι
205 1966 326 2009 tetram.
409 2016 418 2031 ·
611 1944 736 2014 spiritum
745 1965 850 2005 meum.
863 1965 898 2019 m.
913 1947 1021 2004 Inma-

191 2024 266 2079 Am.
294 2017 363 2078 Sive
390 2016 540 2089 vlgildmun
565 2060 575 2084 ‚
611 2036 674 2076 nus.
706 2017 740 2088 Ῡ.
772 2014 924 2076 Redemisti
953 2037 1022 2083 me,

158 2088 216 2151 five
261 2088 435 2149 dormitimus
459 2133 468 2154 ‚
495 2087 576 2144 simul
610 2086 759 2154 deine,
778 2089 860 2146 Deus
883 2088 1022 2147 verititis.¹

159 2180 224 2220 cum
239 2159 357 2220 Christo
381 2160 521 2219 vivimus.
550 2175 575 2218 1.
612 2159 627 2189 *
672 2159 854 2217 Commdndo
896 2155 1022 2227 spiritum

158 2231 243 2302 iiuffi
266 2249 292 2305 5.
312 2250 355 2289 10.
611 2247 716 2287 mcum.
729 2228 841 2289 Gldria.
857 2246 892 2301 n.
906 2231 942 2288 In
955 2249 1020 2287 ma·

221 2310 452 2362 Henetus,
480 2299 520 2359 C.
612 2303 731 2368 nus.Ps.
770 2307 843 2359 0.6.

163 2371 577 2502 GRnTes‚petidiojam
647 2371 682 2443 7.
693 2319 813 2429 cusindi
827 2388 891 2435 me,
912 2369 1022 2427 dei-

273 2442 321 2500 die
336 2488 345 2509 ,
506 2483 509 2487 -
611 2460 666 2507 ne,
681 2460 711 2500 ut
724 2441 858 2510 pupillam
873 2441 947 2497 ciculi
961 2462 970 2506 ς
985 2458 1022 2511 η.

161 2517 245 2576 Deus
259 2559 267 2580 ,
282 2514 337 2571 cibi
351 2510 533 2581 persdlvimus
548 2534 557 2577 ς
613 2512 671 2570 Sub
687 2512 785 2570 umbra
792 2511 900 2569 alitum
912 2512 1024 2569 tua‘rum

160 2587 317 2652 Prondque
335 2585 404 2642 dum
427 2603 484 2641 nox
501 2582 575 2641 inci·
612 2590 727 2653 prdtege
739 2584 850 2649 me.Ps.
866 2589 908 2640 16.
924 2587 950 2640 8.

232 2654 294 2724 pit,
649 2659 718 2712 Ant.
731 2655 885 2711 6.F.Not.

160 2726 366 2788 Ptostdtnimus
378 2725 459 2783 vultu
472 2741 577 2793 preces.
613 2723 820 2783 Cnnttcutt
837 2724 1025 2781 Stueoms,

195 2799 230 2873 Q
245 2816 267 2855 u
285 2817 305 2855 o
322 2816 343 2854 D
367 2798 453 2868 longa
476 2796 578 2865 peccd-
650 2801 717 2852 Luc.
735 2814 760 2851 e.
776 2814 803 2850 2.
817 2813 850 2849 v.
866 2810 912 2857 29·
930 2792 966 2849 ad
980 2811 1024 2864 32.

216 2869 277 2926 ‘vit
293 2868 354 2925 dies
369 2911 377 2932 ,
614 2862 1028 2937 DeSalvatorisadvemugra·

161 2938 288 2998 Amicus
304 2937 395 3006 expiet
410 2935 491 2994 dolor
506 2959 516 3004 3
721 2942 826 2993 riarum
836 2931 918 2991 allio.

162 3013 272 3070 Somno
298 3006 422 3080 granicis
447 3027 483 3063 ne
503 3026 580 3066 nova
689 3004 756 3064 Unc
776 3003 894 3063 dimittis
915 3000 1026 3063 servum

161 3079 281 3151 Indigat
295 3077 379 3137 hostis
392 3077 519 3135 vcilnera.
690 3095 787 3143 cuum,
802 3075 947 3143 Dtimine,
957 3077 972 3106 *
984 3073 1026 3133 se·¹

197 3153 413 3234 Iurnssrus
432 3145 580 3217 usquecir-
615 3144 739 3206 ctinddm
760 3148 878 3204 verbum
897 3165 977 3205 tuum
993 3146 1027 3204 in

234 3237 295 3278 cutt
614 3237 693 3288 pace.

163 3292 306 3368 Quaerens
331 3290 377 3348 leo
392 3307 474 3359 quem
488 3287 579 3347 devo-
651 3287 731 3362 Quia
740 3286 874 3347 viderunt
883 3288 1026 3348 dculi'mei

234 3381 306 3427 τετε
616 3360 632 3391 *
646 3359 772 3418 Salucire
786 3378 883 3426 tuum,
974 3378 976 3383 ·
1019 3381 1022 3389 ·

164 3433 278 3494 Umbra
292 3429 343 3490 sub
358 3430 465 3489 alitum
480 3447 543 3488 tuos
651 3430 741 3503 Quod
759 3429 859 3498 parasti
869 3434 884 3461 ⁴
898 3450 963 3490 ante
978 3431 1027 3490 fai·

164 3503 302 3565 Defende
324 3501 401 3560 filios
413 3547 422 3568 ,
436 3502 532 3560 Patet.
615 3500 688 3560 ciem
701 3501 828 3558 dmnium
837 3505 1004 3570 populdrum
1015 3548 1027 3570 ,

195 3575 228 3635 Ο
268 3591 327 3643 Qu
342 3590 362 3630 n
374 3592 394 3630 n
406 3591 427 3631 n
444 3591 464 3629 o
494 3569 581 3629 lucds-
651 3575 760 3629 Lumen
773 3572 812 3628 ad
822 3574 1027 3631 revelatidncm

233 3663 281 3704 cet
295 3661 361 3701 tuus
615 3643 743 3770 {inciam
753 3688 761 3708 ,
771 3644 786 3673 ⁴⁸
797 3650 825 3699 &
842 3645 1030 3716 gldtiamplc·

165 3716 224 3792 Qui
239 3713 330 3773 nescit
345 3711 476 3771 occisum
495 3711 579 3772 dies!
638 3713 730 3771 istuae
744 3709 839 3771 Ifia'e'l.

166 3786 191 3849 0
213 3785 334 3856 quando
347 3781 444 3842 sandia
458 3780 485 3840 se
500 3783 580 3842 dabit
652 3784 755 3842 Gidtia
768 3784 857 3843 Patri.
1024 3826 1028 3843 ,

166 3857 236 3933 Quae
248 3854 341 3915 nescit
350 3853 459 3913 hostem
469 3854 558 3922 patria
571 3864 579 3912 !
652 3858 789 3913 Ant.Nos
799 3855 909 3924 quidiei
917 3851 1030 3919 sumus,

194 3931 231 3992 AE
241 3947 262 3989 τ
277 3947 298 3987 1³.
311 3945 334 3986 R
350 3943 403 3987 tt!
431 3943 463 3986 tu
489 3924 580 3988 Verbi
615 3925 704 3983 sdbrii
725 3925 825 3992 fimus,
842 3923 933 3981 indtiti
955 3922 1027 3980 lona

227 4000 318 4064 Petet
329 4041 345 4066 ‚
613 4015 677 4060 cam
693 3995 767 4064 fidei
790 4006 820 4062 dc
836 3993 987 4138 gentiiis,
1007 4005 1043 4058 dc

876 4095 894 4138 c
