2359 5167
230 828 231 831 Ν
611 800 691 876 (1²)

187 936 262 994 Hebr
276 877 346 975 justi
362 879 479 957 iudicis
495 879 764 982 indignationem.
779 880 972 974 confidimus
984 874 1030 951 dc'

153 1009 220 1081 Μ,
262 977 388 1068 nobis,
412 982 534 1052 Dilec'li
553 985 644 1075 cmi,
669 986 797 1054 meliora
818 985 849 1053 c>
872 983 1027 1054 viciniora
1054 996 1060 1004 ’

270 1083 406 1177 saluti:
434 1083 501 1153 hoc
525 1094 626 1153 unum
649 1107 775 1155 oramus
796 1082 910 1154 Deum
932 1081 1027 1175 opti·

278 1205 370 1250 mum
389 1183 562 1252 maximum
574 1235 586 1271 ,
600 1199 635 1252 ut
650 1182 741 1279 quod
757 1183 859 1278 coepit
873 1184 906 1251 in
928 1179 1028 1255 vobis¹

280 1301 364 1376 opus
379 1280 526 1369 bonum,
542 1282 608 1376 ipse
627 1282 768 1377 perficiat
784 1283 820 1353 ὃ(
842 1279 1027 1352 confirmet.

333 1378 411 1471 Qud
442 1378 496 1474 spe
514 1377 633 1451 'confisi
649 1433 662 1470 ,
677 1379 820 1452 nostrum
843 1377 926 1461 istud
950 1370 1030 1448 BreL

159 1511 166 1556 3
283 1475 443 1566 viarium,
466 1476 507 1551 ad
538 1479 629 1550 usum
659 1478 810 1553 Ecclefiae
832 1476 950 1563 nostrae
974 1476 1029 1546 Pii

284 1574 451 1653 dianiensis
484 1580 753 1668 concinnatum,
793 1577 837 1649 de
872 1575 1030 1648 consensu

283 1675 484 1749 Venerabiiis
499 1677 643 1769 ejusdem
660 1675 810 1750 Ecclefiae
826 1673 944 1747 nostrae
965 1672 1033 1744 Ca·

284 1774 403 1871 pituli,
426 1777 695 1875 promulgandum
719 1776 934 1849 decrevimus.
1026 1864 1029 1870 .

337 1873 530 1944 Mandamus
552 1877 660 1970 itaque
680 1876 718 1947 dr
736 1876 937 1971 praecipimus
962 1894 1036 1942 orn·

287 1969 382 2042 nibus
405 1971 587 2070 &singulis
609 1971 726 2044 nostrae
748 1971 913 2045 Dioecefis
934 1969 1034 2066 Capi·

288 2069 379 2159 tulis,
392 2070 549 2168 Collegiis
561 2121 574 2155 ,
593 2071 795 2144 Monasteriis
806 2125 818 2161 ,
831 2070 1035 2158 Ordinibus,

288 2166 327 2241 ὅ(
343 2168 595 2266 quibuscumque
609 2170 744 2243 clericis
758 2170 799 2244 ad
812 2171 1035 2241 recitationem

287 2266 449 2340 Horarum
486 2269 727 2341 canonicarum
752 2269 818 2342 five
845 2268 975 2364 publice
1000 2264 1037 2337 fi·

287 2391 332 2439 ne
367 2368 512 2462 privatim
548 2366 734 2460 adstridiis,
764 2389 800 2441 ut
827 2369 896 2438 hoc
922 2364 1037 2438 nostro

193 2528 199 2537 .
289 2484 416 2539 utantur
432 2469 466 2536 in
481 2465 645 2562 posterum
665 2468 850 2539 Breviario:
876 2467 1039 2537 Prohibe·

290 2565 423 2659 musque
449 2591 493 2637 ne
519 2566 606 2638 aliud
627 2566 793 2664 quodvis,
818 2563 884 2636 five
907 2564 1040 2661 publice

289 2662 325 2736 in
347 2663 465 2736 Choro
477 2721 487 2750 ‚
500 2662 567 2738 five
583 2667 730 2762 privatim
745 2686 832 2738 extra
859 2665 1039 2754 Chorum,

263 2846 266 2850 ,
290 2761 359 2839 fine
378 2765 567 2861 peculiarii
585 2766 693 2838 Nobis
706 2763 856 2838 concessa
866 2765 1039 2853 facultate,

292 2868 426 2938 recitare
449 2866 666 2952 antumant,
689 2863 763 2958 post
791 2862 880 2934 diem
915 2861 1044 2935 duode-

290 2966 413 3035 ¹cimam
438 2959 553 3031 mensis
571 2961 752 3052 Februarii,
766 2961 800 3032 id
814 2961 879 3050 est,
894 2960 965 3056 post
980 2963 1041 3033 Fe·

294 3061 375 3132 ria'rn
403 3077 546 3156 quartam
573 3059 731 3132 Cinctum
760 3063 836 3131 anni
861 3062 998 3156 proximi
1023 3083 1044 3145 ,·

229 3248 232 3252 .
295 3158 536 3248 Declarantes,
563 3181 665 3230 omne
693 3159 779 3230 aliud
804 3161 1001 3231 Breviarium
1028 3174 1045 3248 ,¹

270 3257 406 3354 “ciapso
427 3280 575 3352 tempore
605 3258 792 3356 praedi&o‚
814 3255 1046 3340 fore'interdiq'

296 3356 412 3447 stum„
428 3359 625 3453 prohibitum
652 3358 689 3431 δι
705 3359 860 3431 illicitum.

194 3469 294 3527 neor.
351 3454 394 3531 Et
416 3460 572 3553 quoniam
602 3460 639 3528 in
667 3461 811 3528 cordibus
840 3456 950 3557 nostris
977 3455 1047 3558 estis

177 3557 244 3614 Μ·
301 3558 350 3626 ad
378 3561 637 3627 commoriendum
666 3559 699 3627 dt
727 3560 773 3626 ad
797 3560 1071 3646 convivendum,-

215 3658 423 3752 Rom‚obsecro
447 3681 526 3747 vos,
549 3659 675 3744 Fratres
689 3711 701 3747 ,
711 3683 774 3750 per
796 3651 976 3726 Dominum
992 3680 1050 3725 no·

181 3775 228 3831 rs·
241 3776 285 3832 30·
295 3759 400 3859 strum
432 3759 540 3847 Iesum
568 3757 740 3858 Christum,
764 3757 868 3847 &per
887 3757 1051 3825 cantarent

297 3857 401 3953 sandi
417 3855 558 3948 Spiritris
569 3909 581 3950 ,
594 3877 633 3926 ut
648 3857 804 3946 adjuveris
818 3880 866 3924 mc
883 3855 919 3924 in
936 3856 1053 3942 oratioff

306 3960 400 4030 nibus
419 3955 522 4057 visitis
530 3982 595 4051 pro
611 3980 660 4055 ms
674 3959 720 4026 ad
733 3956 856 4028 Deum.
